@book{fudenberg_tirole,
  author    = {Fudenberg, Drew and Tirole, Jean},
  title     = {Game Theory},
  publisher = {MIT Press},
  year      = {1991}
}

@book{mailath_samuelson,
  author    = {Mailath, George J. and Samuelson, Larry},
  title     = {Repeated Games and Reputations},
  publisher = {Oxford University Press},
  year      = {2006}
}

@article{abreu,
  author  = {Abreu, Dilip},
  title   = {Extremal Equilibria of Oligopolistic Supergames},
  journal = {Journal of Economic Theory},
  volume  = {39},
  number  = {1},
  pages   = {191--225},
  year    = {1986}
}

@article{kreps,
  author  = {Kreps, David M. and Milgrom, Paul and Roberts, John and Wilson, Robert},
  title   = {Rational Cooperation in the Finitely Repeated Prisoners' Dilemma},
  journal = {Journal of Economic Theory},
  volume  = {27},
  number  = {2},
  pages   = {245--252},
  year    = {1982}
}